<record><leader>00000cas a22000007a 4500</leader><controlfield tag="001">9963142</controlfield><controlfield tag="008">830929c18uu9999nyuwr ne      0    0eng d</controlfield><datafield ind1=" " ind2=" " tag="010"><subfield code="a">sn 83031676 </subfield></datafield><datafield ind1=" " ind2=" " tag="040"><subfield code="a">NPU</subfield><subfield code="b">eng</subfield><subfield code="c">NPU</subfield><subfield code="d">NPX</subfield><subfield code="d">NYS</subfield><subfield code="d">OCL</subfield><subfield code="d">OCLCQ</subfield><subfield code="d">OCLCF</subfield><subfield code="d">OCLCO</subfield></datafield><datafield ind1=" " ind2=" " tag="042"><subfield code="a">msc</subfield></datafield><datafield ind1=" " ind2=" " tag="043"><subfield code="a">n-us-ny</subfield></datafield><datafield ind1="0" ind2="4" tag="245"><subfield code="a">The Phoenix register.</subfield></datafield><datafield ind1="3" ind2="0" tag="246"><subfield code="a">Phoenix register and money-saver</subfield></datafield><datafield ind1="3" ind2="0" tag="246"><subfield code="a">Oswego County weeklies hometown news</subfield></datafield><datafield ind1="3" ind2="0" tag="246"><subfield code="a">Oswego County weeklies</subfield></datafield><datafield ind1="3" ind2="0" tag="246"><subfield code="a">Hometown news</subfield></datafield><datafield ind1="1" ind2="7" tag="246"><subfield code="a">Associated weeklies of Oswego County</subfield><subfield code="f">&lt;1955&gt;</subfield></datafield><datafield ind1="1" ind2="7" tag="246"><subfield code="a">Register</subfield><subfield code="f">&lt;1950&gt;</subfield></datafield><datafield ind1=" " ind2=" " tag="260"><subfield code="a">Phoenix, N.Y. :</subfield><subfield code="b">[s.n.]</subfield></datafield><datafield ind1=" " ind2=" " tag="300"><subfield code="a">v. ;</subfield><subfield code="c">43-61 cm.</subfield></datafield><datafield ind1=" " ind2=" " tag="310"><subfield code="a">Weekly</subfield></datafield><datafield ind1=" " ind2=" " tag="500"><subfield code="a">"Your hometown newspaper."</subfield></datafield><datafield ind1=" " ind2=" " tag="500"><subfield code="a">Published by: J.M. Williams, &lt;1882-1898&gt;; C.K. Williams, &lt;1917&gt;; H.F. and D.W. Burton, &lt;1950&gt;; Register Pub. Co., &lt;1950&gt;; Mexico-Independent, Inc., &lt;1956-1994&gt;.</subfield></datafield><datafield ind1=" " ind2=" " tag="500"><subfield code="a">Published in Mexico, N.Y., &lt;1956-1994&gt;.</subfield></datafield><datafield ind1=" " ind2=" " tag="500"><subfield code="a">Published as: Phoenix register and money-saver, Apr. 19-May 31, 1956.</subfield></datafield><datafield ind1=" " ind2=" " tag="500"><subfield code="a">Second section called: Oswego County weeklies, &lt;1956&gt;-1983; Oswego County weeklies hometown news, 1983-</subfield></datafield><datafield ind1=" " ind2=" " tag="588"><subfield code="a">Description based on: Vol. 16, no. 11 (Mar. 13, 1873).</subfield></datafield><datafield ind1=" " ind2=" " tag="588"><subfield code="a">Latest issue consulted: Vol. 136, no. 6 (Feb. 9, 1994).</subfield></datafield><datafield ind1=" " ind2="0" tag="651"><subfield code="a">Phoenix (N.Y.)</subfield><subfield code="v">Newspapers.</subfield></datafield><datafield ind1=" " ind2="0" tag="651"><subfield code="a">Mexico (N.Y.)</subfield><subfield code="v">Newspapers.</subfield></datafield><datafield ind1=" " ind2="0" tag="651"><subfield code="a">Oswego County (N.Y.)</subfield><subfield code="v">Newspapers.</subfield></datafield><datafield ind1=" " ind2="7" tag="655"><subfield code="a">Newspapers.</subfield><subfield code="2">fast</subfield><subfield code="0">(OCoLC)fst01423814</subfield></datafield><datafield ind1=" " ind2="7" tag="651"><subfield code="a">New York (State)</subfield><subfield code="z">Mexico.</subfield><subfield code="2">fast</subfield><subfield code="0">(OCoLC)fst01221623</subfield></datafield><datafield ind1=" " ind2="7" tag="651"><subfield code="a">New York (State)</subfield><subfield code="z">Oswego County.</subfield><subfield code="2">fast</subfield><subfield code="0">(OCoLC)fst01208853</subfield></datafield><datafield ind1=" " ind2="7" tag="651"><subfield code="a">New York (State)</subfield><subfield code="z">Phoenix.</subfield><subfield code="2">fast</subfield><subfield code="0">(OCoLC)fst01206999</subfield></datafield><datafield ind1=" " ind2=" " tag="752"><subfield code="a">United States</subfield><subfield code="b">New York</subfield><subfield code="c">Oswego</subfield><subfield code="d">Mexico.</subfield></datafield><datafield ind1=" " ind2=" " tag="752"><subfield code="a">United States</subfield><subfield code="b">New York</subfield><subfield code="c">Oswego</subfield><subfield code="d">Phoenix.</subfield></datafield><datafield ind1="0" ind2="0" tag="780"><subfield code="t">Phoenix reporter</subfield><subfield code="w">(DLC)sn 94057688</subfield><subfield code="w">(OCoLC)29781587</subfield></datafield></record>